<record><leader>00000cas a22000007a 4500</leader><controlfield tag="001">13181752</controlfield><controlfield tag="008">860221d18831884wvuwr ne      0    0eng d</controlfield><datafield ind1=" " ind2=" " tag="010"><subfield code="a">sn 86092254 </subfield></datafield><datafield ind1=" " ind2=" " tag="040"><subfield code="a">WVC</subfield><subfield code="b">eng</subfield><subfield code="c">WVC</subfield><subfield code="d">OCL</subfield><subfield code="d">OCLCQ</subfield></datafield><datafield ind1=" " ind2=" " tag="042"><subfield code="a">msc</subfield></datafield><datafield ind1="0" ind2=" " tag="130"><subfield code="a">West Virginia enterprise (Cranberry, W. Va.)</subfield></datafield><datafield ind1="1" ind2="0" tag="245"><subfield code="a">West Virginia enterprise.</subfield></datafield><datafield ind1=" " ind2=" " tag="260"><subfield code="a">Cranberry, W. Va. :</subfield><subfield code="b">N.W. Fitzgerald,</subfield><subfield code="c">1883-</subfield></datafield><datafield ind1=" " ind2=" " tag="300"><subfield code="a">v.</subfield></datafield><datafield ind1=" " ind2=" " tag="310"><subfield code="a">Weekly</subfield></datafield><datafield ind1="0" ind2=" " tag="362"><subfield code="a">Vol. 1, no. 1 (July 4, 1883)-</subfield></datafield><datafield ind1="1" ind2=" " tag="362"><subfield code="a">Ceased in July, 1884.</subfield><subfield code="z">Cf. Garner, W. Scott. Press of Preston, 1885.</subfield></datafield><datafield ind1=" " ind2=" " tag="500"><subfield code="a">Publishers: N.W. Fitzgerald, July 4, 1883-Jan., 1884; Enterprise Printing Co., Jan., 1884-July, 1884.</subfield></datafield><datafield ind1=" " ind2=" " tag="500"><subfield code="a">Editor: [G. Kettlewellem.].</subfield></datafield><datafield ind1=" " ind2=" " tag="752"><subfield code="a">United States</subfield><subfield code="b">West Virginia</subfield><subfield code="c">Preston</subfield><subfield code="d">Cranberry.</subfield></datafield><datafield ind1=" " ind2=" " tag="752"><subfield code="a">United States</subfield><subfield code="b">West Virginia</subfield><subfield code="c">Preston</subfield><subfield code="d">Terra Alta.</subfield></datafield></record>